
@article{trubey:pg, 
  author = "Trubey, Peter and Sans\'o, Bruno",
  title  = "Inference for multivariate peaks over threshold models",
  journal = "TBD",
  volume  = "TBD",
  number  = "TBD",
  pages   = "TBD"
  }


% EOF
